@String{prb = "Phys. Rev. B"}
@String{prl = "Phys. Rev. Lett."}
@String{pra = "Phys. Rev. A"}
@String{pre = "Phys. Rev. E"}
@String{apl = "Appl. Phys. Lett."}
@String{rmp = "Rev. Mod. Phys."}
@String{physb = "Physica B"}
@String{physc = "Physica C"}



@Article{astumian_pra_39_6416_1989,
  author = 	 {R. Dean Astumian and P. B. Chock and Tian Yow Tsong and
                  Hans V. Westerhoff},
  title = 	 {Effects of oscillations and energy-driven fluctuations on
                  the dynamics of enzyme catalysis and free-energy
                  transduction},
  journal = 	 pra,
  year = 	 {1989},
  OPTkey = 	 {},
  volume = 	 {39},
  number = 	 {12},
  pages = 	 {6416--6435},
  month = 	 {June},
  OPTnote = 	 {},
  OPTannote = 	 {}
}

@Article{astumian_science_276_917_1997,
  author = 	 {R. Dean Astumian},
  title = 	 {Thermodynamics and Kinetics of a {B}rownian motor},
  journal = 	 {Science},
  year = 	 {1997},
  OPTkey = 	 {},
  volume = 	 {276},
  OPTnumber = 	 {},
  pages = 	 {917--922},
  month = 	 {May},
  OPTnote = 	 {},
  OPTannote = 	 {}
}

@Article{astumian_chaos_8_533_1998,
  author = 	 {R. Dean Astumian and Frank Moss},
  title = 	 {Overview: The constructive role of noise in fluctuation
                  driven transport and stochastic resonance},
  journal = 	 {Chaos},
  year = 	 {1998},
  OPTkey = 	 {},
  volume = 	 {8},
  number = 	 {3},
  pages = 	 {533--538},
  month = 	 {September},
  OPTnote = 	 {},
  OPTannote = 	 {}
}

@Article{falo_epl_45_700_1999,
  author = 	 {F. Falo and P. J. Martinez and J. J. Mazo and S. Cilla},
  title = 	 {Ratchet potential for fluxons in Josephson-junction arrays},
  journal = 	 {Europhys. Lett.},
  year = 	 {1999},
  OPTkey = 	 {},
  volume = 	 {45},
  number = 	 {6},
  pages = 	 {700--706},
  month = 	 {March},
  OPTnote = 	 {},
  OPTannote = 	 {}
}

@Article{faucheux_prl_74_1504_1995,
  author = 	 {L. P. Faucheux and L. S. Bourdieu and P. D. Kaplan and
                  A. J. Libchaber},
  title = 	 {Optical thermal ratchet},
  journal = 	 prl,
  year = 	 {1995},
  OPTkey = 	 {},
  volume = 	 {74},
  number = 	 {9},
  pages = 	 {1504--1507},
  month = 	 {February},
  OPTnote = 	 {},
  OPTannote = 	 {}
}

@Book{feynmann_lectures,
  author = 	 {Richard P. Feynmann and Robert B. Leighton and 
                  Matthew L. Sand},
  ALTeditor = 	 {},
  title = 	 {The {F}eynmann Lectures on Physics},
  publisher = 	 {{A}ddison-{W}esley},
  year = 	 {1963},
  OPTkey = 	 {},
  volume = 	 {1},
  OPTnumber = 	 {},
  OPTseries = 	 {},
  address = 	 {Reading, MA},
  OPTedition = 	 {},
  OPTmonth = 	 {},
  note = 	 {Chap. 46},
  OPTannote = 	 {}
}

@Unpublished{goldobin_condmat_aug_2000,
  author = 	 {E. Goldobin and A. Sterck and D. Koelle},
  title = 	 {Josephson {V}ortex in a {R}atchet {P}otential: Theory},
  note = 	 {\texttt{cond-mat/0008237}},
  OPTkey = 	 {},
  month = 	 {August},
  year = 	 {2000},
  OPTannote = 	 {}
}

@Article{julicher_rmp_69_1269_1997,
  author = 	 {Frank J{\"{u}}licher and Armand Ajdari and Jacques Prost},
  title = 	 {Modeling molecular motors},
  journal = 	 rmp,
  year = 	 {1997},
  OPTkey = 	 {},
  volume = 	 {69},
  number = 	 {4},
  pages = 	 {1269--1281},
  OPTmonth = 	 {},
  OPTnote = 	 {},
  OPTannote = 	 {}
}

@Article{kelly_jorgchem_63_3655_1998,
  author = 	 {T. Ross Kelly and Jose Perez Sestelo and Imanol Tellitu},
  title = 	 {New molecular devices: In search of a molecular ratchet},
  journal = 	 {J. Org. Chem.},
  year = 	 {1998},
  OPTkey = 	 {},
  volume = 	 {63},
  OPTnumber = 	 {},
  pages = 	 {3655--3665},
  OPTmonth = 	 {},
  OPTnote = 	 {},
  OPTannote = 	 {},
  comment   =    {making molecular ratchets out of organic molecules}
}

@Article{lee_nature_400_337_1999,
  author = 	 {C. S. Lee and B. Janko and I. Derenyi and A. L. Barabasi},
  title = 	 {Reducing vortex density in superconductors using the 
                  ratchet effect},
  journal = 	 {Nature},
  year = 	 {1999},
  OPTkey = 	 {},
  volume = 	 {400},
  OPTnumber = 	 {},
  pages = 	 {337--340},
  month = 	 {July},
  OPTnote = 	 {},
  OPTannote = 	 {},
  comment   =    {}
}

@Article{magnasco_prl_71_1477_1993,
  author = 	 {Marcelo O. Magnasco},
  title = 	 {Forced Thermal Ratchets},
  journal = 	 prl,
  year = 	 {1993},
  OPTkey = 	 {},
  volume = 	 {71},
  number = 	 {10},
  pages = 	 {1477--1481},
  OPTmonth = 	 {},
  OPTnote = 	 {},
  OPTannote = 	 {}
}

@Article{prost_prl_72_2652_1994,
  author = 	 {Jacques Prost and Jean-Francois Chauwin and Luca Peliti and
                  Armand Ajdari},
  title = 	 {Asymmetric pumping of particles},
  journal = 	 prl,
  year = 	 {1994},
  OPTkey = 	 {},
  volume = 	 {72},
  number = 	 {16},
  pages = 	 {2652--2655},
  month = 	 {April},
  OPTnote = 	 {},
  OPTannote = 	 {}
}

@Article{trias_pre_61_2257_2000,
  author = 	 {E. Trias and J. J. Mazo and F. Falo and T. P. Orlando},
  title = 	 {Depinning of kinks in a {J}osephson-junction ratchet array},
  journal = 	 pre,
  year = 	 {2000},
  OPTkey = 	 {},
  volume = 	 {61},
  number = 	 {3},
  pages = 	 {2257--2266},
  month = 	 {march},
  OPTnote = 	 {},
  OPTannote = 	 {}
}

@Article{wambaugh_prl_83_5106_1999,
  author = 	 {J. F. Wambaugh and C. Reichardt and C. J. Olson and
                  F. Marchesoni and Franco Nori},
  title = 	 {Superconducting fluxon pumps and lenses},
  journal = 	 prl,
  year = 	 {1999},
  OPTkey = 	 {},
  volume = 	 {83},
  OPTnumber = 	 {},
  pages = 	 {5106--5109},
  OPTmonth = 	 {},
  OPTnote = 	 {},
  OPTannote = 	 {}
}

@Article{wiesenfeld_chaos_8_539_1998,
  author = 	 {Kurt Wiesenfeld and Fernan Jaramillo},
  title = 	 {Minireview of stochastic resonance},
  journal = 	 {Chaos},
  year = 	 {1998},
  OPTkey = 	 {},
  volume = 	 {8},
  number = 	 {3},
  pages = 	 {539--548},
  OPTmonth = 	 {September},
  OPTnote = 	 {},
  OPTannote = 	 {}
}

@Article{zapata_prl_77_2292_1996,
  author = 	 {I. Zapata and F. Sols and P. Hanggi},
  title = 	 {Voltage rectification by a SQUID ratchet},
  journal = 	 prl,
  year = 	 {1996},
  OPTkey = 	 {},
  volume = 	 {77},
  number = 	 {11},
  pages = 	 {2292--2295},
  month = 	 {September},
  OPTnote = 	 {},
  OPTannote = 	 {}
}

