@String{prb = "Phys. Rev. B"}
@String{prl = "Phys. Rev. Lett."}
@String{pra = "Phys. Rev. A"}
@String{pre = "Phys. Rev. E"}
@String{apl = "Appl. Phys. Lett."}
@String{rmp = "Rev. Mod. Phys."}
@string{physa = "Physica A"}
@String{physb = "Physica B"}
@String{physc = "Physica C"}

@Article{bak_59_381_1987,
  author = 	 {Per Bak and Chao Tang and Kurt Wiesenfeld},
  title = 	 {Self-organized criticality: An explanation for $1/f$ noise},
  journal = 	 prl,
  year = 	 {1987},
  OPTkey = 	 {},
  volume = 	 {59},
  number = 	 {4},
  pages = 	 {381--384},
  month = 	 {July},
  OPTnote = 	 {},
  OPTannote = 	 {}
}

@Article{ginzburg_jetp_79_334_1994,
  author = 	 {S. L. Ginzburg},
  title = 	 {Self-organization of the critical state in {J}osephson
                  lattices and granulated superconductors},
  journal = 	 {JETP},
  year = 	 {1994},
  OPTkey = 	 {},
  volume = 	 {79},
  number = 	 {2},
  pages = 	 {334--343},
  month = 	 {August},
  OPTnote = 	 {},
  OPTannote = 	 {}
}

@Article{field_prl_74_1206_1995,
  author = 	 {S. Field and J. Witt and X. Ling and F. Nori},
  title = 	 {},
  journal = 	 prl,
  year = 	 {1995},
  OPTkey = 	 {},
  volume = 	 {74},
  OPTnumber = 	 {},
  pages = 	 {1206},
  OPTmonth = 	 {},
  OPTnote = 	 {},
  OPTannote = 	 {}
}

@Article{olson_prl_81_3757_1998,
  author = 	 {C. J. Olson and C. Reichhardt and Franco Nori},
  title = 	 {Nonequilibrium dynamic phase diagram for vortex lattices},
  journal = 	 prl,
  year = 	 {1998},
  OPTkey = 	 {},
  volume = 	 {81},
  number = 	 {17},
  pages = 	 {3757--3760},
  month = 	 {october},
  OPTnote = 	 {},
  OPTannote = 	 {}
}

@Article{olson_prl_80_2197_1998,
  author = 	 {C. J. Olson and C. Reichhardt and Franco Nori},
  title = 	 {Fractal Networks, Braiding channels, and voltage
                  noise in intermittently flowing rivers of quantized
                  magetic flux},
  journal = 	 prl,
  year = 	 {1998},
  OPTkey = 	 {},
  volume = 	 {80},
  number = 	 {10},
  pages = 	 {2197--2200},
  month = 	 {march},
  OPTnote = 	 {},
  OPTannote = 	 {}
}

@Article{reichhardt_prl_78_2648_1997,
  author = 	 {C. Reichhardt and C. J. Olson and Franco Nori},
  title = 	 {Dynaic phases of vortices in superconductors with
                  periodic pinning},
  journal = 	 prl,
  year = 	 {1997},
  OPTkey = 	 {},
  volume = 	 {78},
  number = 	 {13},
  pages = 	 {2648},
  OPTmonth = 	 {march},
  OPTnote = 	 {},
  OPTannote = 	 {}
}

@Article{reichhardt_prb_57_7937_1998,
  author = 	 {C. Reichhardt and C. J. Olson and Franco Nori},
  title = 	 {Commensurate and incommensurate vortex states in
                  superconductors with periodic pinning arrays},
  journal = 	 prb,
  year = 	 {1998},
  OPTkey = 	 {},
  volume = 	 {57},
  number = 	 {13},
  pages = 	 {7937--7943},
  month = 	 {april},
  OPTnote = 	 {},
  OPTannote = 	 {}
}

@Article{reichhardt_prl_82_414_1999,
  author = 	 {C. Reichhardt and Franco Nori},
  title = 	 {Phase locking, Devil's staircases, Farey trees and 
                  {A}rnold tounges in driven vortex lattices with
                  periodic pinning},
  journal = 	 prl,
  year = 	 {1999},
  OPTkey = 	 {},
  volume = 	 {82},
  number = 	 {2},
  pages = 	 {414--417},
  month = 	 {january},
  OPTnote = 	 {},
  OPTannote = 	 {}
}

@Article{shi_ieee_5_1721_1995,
  author = 	 {Donglu Shi and Zunining Wang},
  title = 	 {Avalanche type flux dynamics in the vortex state of 
                  type-II superconductors},
  journal = 	 {IEEE Trans. Appl. Supercon.},
  year = 	 {1995},
  OPTkey = 	 {},
  volume = 	 {5},
  number = 	 {2},
  pages = 	 {1721--1724},
  month = 	 {June},
  OPTnote = 	 {},
  OPTannote = 	 {}
}

@Article{tang_physa_194_315_1993,
  author = 	 {Chao Tang},
  title = 	 {SOC and the {B}ean critical state},
  journal = 	 physa,
  year = 	 {1993},
  OPTkey = 	 {},
  volume = 	 {194},
  OPTnumber = 	 {},
  pages = 	 {315},
  OPTmonth = 	 {},
  OPTnote = 	 {},
  OPTannote = 	 {}
}

@Article{urbach_1995,
  author = 	 {J. S. Urbach and R. C. Madison and J. T. Markert},
  title = 	 {Reproducibility of magnetic avalanches in an Fe-Ni-Co
                  ferrromagnet},
  journal = 	 {},
  year = 	 {1995},
  OPTkey = 	 {},
  OPTvolume = 	 {},
  OPTnumber = 	 {},
  OPTpages = 	 {},
  OPTmonth = 	 {},
  OPTnote = 	 {},
  OPTannote = 	 {}
}

