@misc{apiezon,
  note = {Apiezon Products, M\&I Materials Ltd., PO Box 136,
          Manchester M60 1AN England. Phone +44 (0) 161 875 4096. }}

@misc{dynapro_touchscreen,
  note = {Dynapro Thin Film Products, Inc., 7025 W. Marcia Road,
          Milwaukee, WI 53223, USA. Phone 414-365-3555}}
     
@misc{EGG,
  note = {Formerly EG\&G Princeton Applied Research, presently Perkin-Elmer
          Instruments, \texttt{http://www.instruments.perkinelmer.com}
          Princeton Applied Research - Headquarters,
          801 S. Illinois Ave., Oak Ridge, TN 37831-0895,
          Phone: 800-366-2741, 865-482-4411 Ext. 343, Fax: 865-425-1334.}}

@misc{harris_semiconductor,
  note = {Harris Semiconductor, 2401 Palm Bay Road NE, Palm Bay, FL
          32905. Phone: 407-724-7000 or 800-4-HARRIS.}}

@misc{HP,
  note = {Agilent Technologies, formerly Hewlett-Packard Corp.,
          \texttt{http://www.agilent.com/}}}

@misc{keithley_instruments,
  note = {Keithley Instruments, Inc., Test Instrumentation Group,
          28775 Aurora Road, 
          Cleveland, OH  44139, USA. Phone: 216-248-6168. 
          FAX: 216-248-6168. \texttt{http://www.keithley.com/}} }

@misc{kla_tencor,
  note = {KLA-Tencor, Corp. Phone: 800-600-2829. 
          \texttt{http://www.kla-tencor.com/}}}

@misc{lakeshore_cryotronics,
  note = {LakeShore Cryotronics, Inc. 575 McCorkle Blvd., 
          Westerville, OH 43082-8888,
          Phone: 614-891-2244, 
          FAX: 614-818-1600,
          \texttt{http://www.lakeshore.com}}}

@misc{national_instruments,
  note = {National Instruments, \texttt{http://www.natinst.com/}}}

@misc{neocera,
  note = {Neocera, Inc., Instrument and Systems Group, 
          10000 Virgina Manor Road, Suite 300,
          Beltsville, MD 20705-4215,
          Phone: 301-210-1010,
          FAX: 301-210-1042,
          \texttt{http://www.neocera.com/}}}

@misc{oregon_microsystems,
  note = {Oregon Microsystems, Inc. \texttt{http://www.omsmotion.com/}}}

@misc{spk_electronics,
  note = {SPK Electronics Company, Ltd., 10F, No. 510, Sec 5, Chung Hsiao E.,
          Taipei, Taiwan. Phone: 886-2-23462323, 
          \texttt{http://www.spkecl.com/}} }

@misc{stycast_epoxy,
  note = {Emerson \& Cuming, 869 Washington Street, Canton, MA 02021,
          Phone: 781-828-3300, FAX: 781-828-3104. }}

@misc{stayclean_flux,
  note = {StayClean flux}}

@misc{texas_instruments,
  note = {Texas Instruments, PO Box 655303, Dallas, TX 75265.
          \texttt{http://www.ti.com/}}}