@String{prb = "Physical Review B"}
@String{prl = "Physical Review Letters"}
@String{pra = "Physical Review A"}
@String{apl = "Applied Physics Letters"}



@phdthesis{black1,
    Author = {Randall Christopher Black},
    Title = {Magnetic Microscopy Using a Superconducting Quantum
		  Interference Device},
    School = {University of Maryland},
    year = {1995}}

@article{black2,
    author = {R. C. Black and A. Mathai and F. C. Wellstood and
              E. Dantsker and A. H. Miklich and D. T. Nemeth and
              J. J. Kingston and J. Clarke},
    title = {Magnetic microscopy using a liquid nitrogen cooled 
             $\mathrm{YBCO}$ superconducting quantum interference device},
    journal = {Applied Physics Letters},
    volume = 62,
    pages = {2128-2130},
    year = 1993,
    comment = {original paper describing the microscope made by 
               randy black et al. }}

@article{black3,
    author = {R. C. Black and A. H. Miklich and D. Koelle and
              F. Ludwig and J. Clarke},
    title = {Imaging radio-frequency fields using a scanning
             SQUID microscope},
    journal = apl,
    volume = 66,
    pages = {1267--1269},
    year = 1995,
    comment = {rf imaging}}

@article{black4,
    author = {R. C. Black and F. C. Wellstood and E. Dantsker and
              A. H. Miklich and D. T. Nemeth and D. Koelle and 
              F. Ludwig and J. Clarke},
    title = {Microwave microscopy using a superconduting quantum
             interference device},
    journal = apl,
    volume = 66,
    pages = {99--101},
    year = 1995,
    comment = {microwave imaging}}

@inproceedings{black5,
    author = {R. C. Black and F. C. Wellstood and E. Dankster and
              A. H. Miklich and D. Koelle and F. Ludwig and 
              J. Clarke},
    title = {High frequency magnetic microscopy using a High-$T_c$ SQUID},
    booktitle = {ASC 1994},
    year = 1994}

@article{black6,
    author = {R. C. Black and F. C. Wellstood and E. Dantsker and 
              A. H. Miklich and J. J. Kingston and D. T. Nemeth and
              J. Clarke},
    title = {Eddy current microscopy using a 77K superconducting sensor},
    journal = apl,
    volume = 64,
    pages = {100--102},
    year = 1994,
    comment = {eddy current imaging by driving sample with external
               filed at 26-100kHz}}       

@phdthesis{mathai1,
    author = {Anna Mathai},
    school = {University of Maryland},
    year = {1995},
    comment = {SQUID microscope techniques, understanding the data}}    

@article{mathai2,
    author = {A. Mathai and D. Song and Y. Gim and F. C. Wellstood},
    title = {One dimensional magnetic flux microscope based on the
             DC superconducting quantum interference device},
    journal = apl,
    volume = 61,
    pages = 598,
    year = 1992,
    comment = {paper describing one d SSM}}

@article{mathai3,
    author = {A. Mathai and D. Song and Y. Gim and F. C. Wellstood},
    title = {},
    journal = {IEEE Transactions of Applied Superconductivity},
    volume = 3,
    pages = 2609,
    year = 1993,
    comment = {paper describing 2d microscope}}

@article{kirtley_apl_66_1138_1995,
    author = {J. R. Kirtley and M. B. Ketchen and K. G. Stawiasz and
              J. Z. Sun and W. J Gallagher and S. H. Blanton},
    title  = {High-resolution scanning SQUID microscope},
    journal = apl,
    volume = 66,
    pages = {1138 -- 1140},
    year = 1995,
    comment = {describes the Kirtley scanning squid microscope}}

@misc{newrock_addr,
    note = {Professor Richard Newrock, Department of Physics,  
            University of Cincinnati, Cincinnati, OH 45221,
            \texttt{richard.newrock@uc.edu}}}