@String{prb = "Phys. Rev. B"}
@String{prl = "Phys. Rev. Lett."}
@String{pra = "Phys. Rev. A"}
@String{apl = "Appl. Phys. Lett."}
@String{rmp = "Rev. Mod. Phys."}
@String{physb = "Physica B"}
@String{physc = "Physica C"}

@Article{araujo_prl_78_4625_1997,
    Author = {F. M. Araujo-Moreira and P. Barbara and A. B. Cawthorne
		  and C. J. Lobb},
    Title = {Reentrant {AC} magnetic susceptibility in
		  {J}osephson-junction arrays},
    Journal = prl,
    Volume = "78",
    Pages = "4625",
    Year = "1997"}

@article{auletta_prb_47_14326_1993,
    author  = {C. Auletta and R. De Luca and S. Pace and G. Raiconi},
    journal = prb,
    title   = {Numerical simulation of magnetic-flux penetration in 
               concentric circular arrays of {J}osephson junctions},
    volume  = 47,
    pages   = {14326--14333},
    year    = 1993,
    comment = {details the algorithms used to compute the things in 
               the later two papers}}

@article{auletta_physc_235_3315_1994,
 author = {C. Auletta and P. Caputo and G. Costabile and
              R. de Luca and S. Pace and A. Saggese},
    title  = {Paramagnetic field cooled susceptibility in 
              superconducting loops with {J}osephson junctions},
    abstract = {By the analysis of the potential energy of a single loop 
                interrupted by one Josephson junction, we show that a 
                paramagnetic field-cooled
                susceptibility can appear in this simple system},
    journal = {Physica C},
    volume = {235-240},
    pages = 3315,
    year = 1994,
    comment = {First paper to do single loop model of array }}

@article{auletta_prb_49_12311_1994,
    author  = {C. Auletta and G. Raiconi and R. {De Luca} and S. Pace},
    title   = {Low-field diamagnetic response of granular superconductors
               at finite temperatures},
    journal = prb,
    volume  = 49,
    pages   = {12311--12314},
    year    = 1994,
    comment = {model array as sets of concentric rings}}

@article{auletta_prb_51_12844_1995,
    author = {C. Auletta and G. Raiconi and R. de Luca and S. Pace},
    title = {POSITIVE FIELD-COOLED {DC} SUSCEPTIBILITY IN GRANULAR 
           SUPERCONDUCTORS INTERPRETED THROUGH
         NUMERICAL SIMULATIONS ON A SIMPLE {J}OSEPHSON-JUNCTION-ARRAY MODEL},
    journal = prb,
    volume = 51,
    pages = 12844,
    year = 1995}

@Article{barbara_prb_60_7489_1999,
    author = {P. Barbara and F. M. {Araujo-Moreira} and A. B. Cawthorne and 
              C. J. Lobb},
    title = {Reentrant ac magnetic susceptibility in {J}osephson-junction
             arrays: An alternative explanation for the paramagnetic
             {M}eissner effect},
    journal = prb,
    volume = 60,
    pages = {7489--7495},
    year = 1999,
    comment = {AC work in arrays}}

@Article{bardeen_pr_108_1957,
  author = 	 {J. Bardeen and L. N. Cooper and J. R. Schreiffer},
  OPTtitle = 	 {},
  journal = 	 {Phys. Rev.},
  year = 	 {1957},
  OPTkey = 	 {},
  volume = 	 {108},
  OPTnumber = 	 {},
  pages = 	 {1175},
  OPTmonth = 	 {},
  OPTnote = 	 {},
  OPTannote = 	 {},
  comment =      {BCS theory paper}
}

@Book{barone_and_paterno,
    Author = {Antonia Barone and Gianfranco Paterno},
    title = {Physics and Applications of the {J}osephson Effect},
    publisher = {Wiley},
    year = {1982},
    address = {New York}}

@Article{bean_prl_12_14_1973,
  author = 	 {C. P. Bean and J. D. Livingston},
  OPTtitle = 	 {},
  journal = 	 prl,
  year = 	 {1973},
  OPTkey = 	 {},
  volume = 	 {12},
  OPTnumber = 	 {},
  pages = 	 {14},
  OPTmonth = 	 {},
  OPTnote = 	 {},
  OPTannote = 	 {},
  comment   =    {original paper describing the bean-livingston barrier
                   to flux penetration}
}

@phdthesis{black_phdthesis,
    Author = {Randall Christopher Black},
    Title = {Magnetic Microscopy Using a Superconducting Quantum
		  Interference Device},
    School = {University of Maryland},
    year = {1995}}

@article{black_apl_62_2128_1993,
    author = {R. C. Black and A. Mathai and F. C. Wellstood and
              E. Dantsker and A. H. Miklich and D. T. Nemeth and
              J. J. Kingston and J. Clarke},
    title = {Magnetic microscopy using a liquid nitrogen cooled 
             $\mathrm{YBCO}$ superconducting quantum interference device},
    journal = apl,
    volume = 62,
    pages = {2128-2130},
    year = 1993,
    comment = {original paper describing the microscope made by 
               randy black et al. }}

@article{black_apl_66_1267_1995,
    author = {R. C. Black and A. H. Miklich and D. Koelle and
              F. Ludwig and J. Clarke},
    title = {Imaging radio-frequency fields using a scanning
             {SQUID} microscope},
    journal = apl,
    volume = 66,
    pages = {1267--1269},
    year = 1995,
    comment = {rf imaging}}

@article{black_apl_66_99_1995,
    author = {R. C. Black and F. C. Wellstood and E. Dantsker and
              A. H. Miklich and D. T. Nemeth and D. Koelle and 
              F. Ludwig and J. Clarke},
    title = {Microwave microscopy using a superconduting quantum
             interference device},
    journal = apl,
    volume = 66,
    pages = {99--101},
    year = 1995,
    comment = {microwave imaging}}

@inproceedings{black_asc_1994,
    author = {R. C. Black and F. C. Wellstood and E. Dankster and
              A. H. Miklich and D. Koelle and F. Ludwig and 
              J. Clarke},
    title = {High frequency magnetic microscopy using a High-${T}_c$ {SQUID}},
    booktitle = {ASC 1994},
    year = 1994}

@article{black_apl_64_100_1994,
    author = {R. C. Black and F. C. Wellstood and E. Dantsker and 
              A. H. Miklich and J. J. Kingston and D. T. Nemeth and
              J. Clarke},
    title = {Eddy current microscopy using a $77\,\mathrm{K}$ 
             superconducting sensor},
    journal = apl,
    volume = 64,
    pages = {100--102},
    year = 1994,
    comment = {eddy current imaging by driving sample with external
               filed at 26-100kHz}}       

@Article{braunisch_prl_68_1908_1992,
    Author = {W. Braunisch and N. Knauf and V. Kataev and A. Gr{\"{u}}tz
		  and A. Kock and B. Roden and D. Khomskii and
                  D. Wohlleben},
    Title = {Paramagnetic {M}eissner Effect in {B}i High-Temperature
              Superconductors},
    Journal = prl,
    Volume = "68",
    Pages = "1908",
    Year = "1992"}

@Article{braunisch_prb_48_4030_1993,
     Author = {W. Braunisch and N. Knauf and B. Bauer and A. Kock and
		  A. Becker and B. Freitag and A. Gr{\"{u}}tz and V. Kataev
		  and S. Neuhausen and B. Roden and D. Khomskii and
		  D. Wohlleben},
     Title = {Paramagetic {M}eissner effect in high-temperature
		  superconductors},
     Journal = prb,
     Volume = 48,
     Pages = {4030 - 4042},
     Year = 1993,
     Comment = {detailed analysis of braunisch1, refs contain
		  extensive list of prior work}}

@Booklet{cawthorne_gpib_manual,
  title = 	 {{68HC11-GPIB Rev. C}, {U}ser's {G}uide},
  OPTkey = 	 {},
  author = 	 {A. B. Cawthorne},
  OPThowpublished = {},
  address = 	 {University of Maryland},
  OPTmonth = 	 {},
  year = 	 {1998},
  note = 	 {Manual for the 68HC11-GPIB board designed by Fred
                  Cawthorne and used specifically for the SQUID microscope
                  joystick control.},
  OPTannote = 	 {}
}

@PhdThesis{cawthorne_phdthesis,
  author = 	 {A. B. Cawthorne},
  title = 	 {Dynamics of {J}osephson {J}unctions and {J}osepson-{J}unction
                  {A}rrays},
  school = 	 {University of Maryland},
  year = 	 {1998},
  OPTkey = 	 {},
  OPTtype = 	 {},
  OPTaddress = 	 {},
  OPTmonth = 	 {},
  OPTnote = 	 {},
  OPTannote = 	 {}
}

@Article{cawthorne_jap_84_1126_1998,
  author = 	 {A. B. Cawthorne and C. B. Whan and C. J. Lobb},
  title = 	 {Dynamics of Resistively and Inductively shunted
                  Josephson junction arrays},
  journal = 	 {J. Appl. Phys.},
  year = 	 {1998},
  OPTkey = 	 {},
  volume = 	 {84},
  OPTnumber = 	 {},
  pages = 	 {1126},
  OPTmonth = 	 {},
  OPTnote = 	 {},
  OPTannote = 	 {}
}

@article{cawthorne_prb_60_7575_1999,
    author = {A. B. Cawthorne and P. Barbara S. V. Shitov and C. J. Lobb and 
              K. Wiesenfeld and A. Zangwill},
    title  = {Synchronized oscillations in Josephson-junction arrays:
              the role of distributed coupling},
    journal = prb,
    volume = 60,
    pages  = 7575,
    year = 1999}

@article{chandran_prb_56_6169_1997,
    Author = {Mahesh Chandran},
    Title = {Positive moment of an inductively coupled {J}osephson
             junction array},
    journal = prb,
    volume = 56,
    pages = {6169--6174},
    year = 1997,
    comment = {dynamic simulation of array w/o pi junctions, 
               on FC they see paramagnetism, on ZFC diamagnetism}}

@article{chandran_physc_289_22_1997,
    author  = {Mahesh Chandran},
    title   = {Field distribution in thin superconductors: effect
               of sample shape},
    journal = physc,
    volume  = 289,
    pages   = {22--36},
    year    = 1997,
    comment = {}}

@article{chandran_physc_304_202_1998,
    author  = {Mahesh Chandran},
    title   = {Field distribution in superconductors with secondary
               peak in magnetisation},
    journal = physc,
    volume  = 304,
    pages   = {202 -- 212},
    year    = 1998,
    comment = {}}

@article{chandran_prb_57_3609_1998,
    author  = {Mahesh Chandran},
    title   = {Effect of linear defects on the field distribution in
	               thin superconductors},
    journal = prb,
    volume  = 57,
    pages   = {3609--3614},
    year    = 1998}

@article{chandran_physc_292_147_1997,
    author  = {Mahesh Chandran},
    title   = {Critical state in thin superconductors: a {J}osephson
               junction array analogy},
    journal = physc,
    volume  = 292,
    pages   = {147--159},
    year    = 1997}

@article{chandran_physc_267_59_1996,
    author  = {Mahesh Chandran and P. Chaddah},
    title   = {Critical State in a {J}osephson junction array:
               effect of transport currents},
    journal = physc,
    volume  = 267,
    pages   = {59--66},
    year    = 1996}

@unpublished{deleo_unpublished,
    author   = {Cinzia {de Leo} and Giacomo Rotoli and Paola Barbara and
                A. P. Nielsen and C. J. Lobb},
    title    = {Mutual Inductance Route to Paramagnetic {Meissner} Effect
                in 2{D} {J}osephson-junction Arrays},
    journal  = {unpublished},
    note     = {Submitted to Phys. Rev. B. Also \texttt{cond-mat/0103199}},
    year     = 2001}

@article{deluca_prb_52_7474_1995,
    author   = {R. {De Luca} and S. Pace and C. Auletta and G. Raiconi},
    title    = {Irreversible magnetic response of the simplest three
                dimensional {J}osephson-junction network},
    journal  = prb,
    volume   = 52,
    pages    = {7474--7481},
    year     = 1995}

@Article{deo_prl_79_4653_1997,
    Author = {P. Singha Deo and V. A. Schweigert and F. M. Peeters and
              A. K. Geim},
    title = {Magnetization of Mesoscopic Superconducting Disks},
    Journal = prl,
    volume = 79,
    pages = {4653-4656},
    year = 1997,
    comment = {Treats giant vortex state in mesoscopic disks of S.C.
               esp in the case of Geim's Nature paper}}

@Article{deo_prb_59_6039_1999,
    Author = {P. Singha Deo and V. A. Schweigert and F. M. Peeters},
    title = {Hysteresis in mesoscopic superconducting disks: The
             Bean-Livingston barrier},
    journal = prb,
    volume = 59,
    pages = {6039-6042},
    year = 1999,
    comment = {Bean-Livingston surface barrier and its effect on the
               hysterisis curve in mesoscopic disks. They show how this
               can lead to paramagnetism. }}

@Article{dominguez_prl_72_2773_1994,
    Author = {Daniel Dominguez and E. A. Jagla and C. A. Balseiro},
    Title  = {Phenomenological Theory of the Paramagnetic Meissner
		  Effect},
    Journal = prl,
    Volume = {72},
    Pages = 2773,
    Year = 1994,
    Comment = {they set the quantum number n=0 through out. a bad
		  idea, treat an array of junctions with pi junctions
		  randomly distributed, they do not treat the case of
		  no pi junctions}}

@article{ebner_prb_31_165_1985,
    author  = {C. Ebner and D. Stroud},
    title   = {Diamagnetic Susceptibility of superconducting clusters:
               Spin-glass behavior},
    journal = prb,
    volume  = 31,
    pages   = {165--171},
    year    = 1985,
    comment = {They model random clusters of superconducting grains
               conneted to each other, using first a simple single loop
               model and then extend to a more complicated full model.}}


@article{filatrella_epjb_12_23_1999,
    author   = {G. Filatrella and A. Petraglia and G. Rotoli},
    title    = {Mutual inductance effects in rf driven planar {J}osephson
                junction arrays},
    journal  = {Euro. Phys. J. B},
    volume   = 12,
    pages    = {23--30},
    year     = 1999,
    comment  = {they implement the full-inductance matrix and for studying
                rf properties of the array }}

@article{geigenmuller_prb_47_348_1993,
    author   = {U. Geigenm{\"{u}}ller and C. J. Lobb and C. B. Whan},
    title    = {Friction and inertia of a vortex in an underdamped 
                {J}osephson array},
    journal  = prb,
    volume   = 47,
    pages    = {348--358},
    year     = 1993}

@Article{geim_nature_396_144_1998,
    Author = "A. K. Geim and S. V. Dubonos and J. G. S. Lok and
		  M. Henini and J. C. Mann",
    Title =  {Paramagnetic {M}eissner effect in small superocnductors},
    Journal = {Nature},
    Volume = 396,
    Pages = 144,
    Year = 1998}

@Article{ginzburg_zeitf_20_1064_1950,
  author = 	 {V. L. Ginzburg and L. D. Landau},
  OPTtitle = 	 {},
  journal = 	 {Zh. Eksperim. i. Teor. Fiz.},
  year = 	 {1950},
  OPTkey = 	 {},
  OPTvolume = 	 {20},
  OPTnumber = 	 {},
  OPTpages = 	 {1064},
  OPTmonth = 	 {},
  OPTnote =	 {},
  OPTannote = 	 {},
  comment   =    {original ginzburg-landau papers}
}

@misc{hypres,
    note     = {Hypres, Inc., 175 Clearbrook Road, Elsmford, NY 10523,
                Phone: 914-592-1190,
                FAX: 914-347-2239,
                \texttt{http://www.hypres.com}}}

@Book{jackson,
  author = 	 {John David Jackson},
  ALTeditor = 	 {},
  title = 	 {Classical Electrodynamics},
  publisher = 	 {Wiley},
  year = 	 {1962},
  OPTkey = 	 {},
  OPTvolume = 	 {},
  OPTnumber = 	 {},
  OPTseries = 	 {},
  address = 	 {New York},
  edition = 	 {second},
  OPTmonth = 	 {},
  OPTnote = 	 {},
  OPTannote = 	 {}
}

@Article{jaycox_ieeetm_mag17_400_1981,
  author = 	 {J. M. Jaycox and M. B. Ketchen},
  title = 	 {},
  journal = 	 {IEEE Trans. Magn.},
  year = 	 {1981},
  OPTkey = 	 {},
  volume = 	 {Mag-17},
  number = 	 {1},
  pages = 	 {400},
  OPTmonth = 	 {},
  OPTnote = 	 {},
  OPTannote = 	 {},
  comment  =     {discuss and compute the self inductance of small
                  square squid loops.}
}

@article{josephson_pl_1_252_1962,
    author  = {B. D. Josephson},
    journal = {Phys. Lett.},
    volume  = 1,
    pages   = 252,
    year    = 1962,
    comment = {the paper that started it all}}

@misc{keithley_instr,
    note    = {Keithley Instruments, Inc., 28775 Aurora Road, 
               Cleveland, Ohio 44139. Phone: 800-552-1115,
               Fax: 440-248-6168, \texttt{http://www.keithley.com}}}

@article{kirtley_apl_66_1138_1995,
    author = {J. R. Kirtley and M. B. Ketchen and K. G. Stawiasz and
              J. Z. Sun and W. J Gallagher and S. H. Blanton},
    title  = {High-resolution scanning {SQUID} microscope},
    journal = apl,
    volume = 66,
    pages = {1138 -- 1140},
    year = 1995,
    comment = {describes the Kirtley scanning squid microscope}}

@Article{kirtley_jpcm_10_L97_1998,
    Author = {J. R. Kirtley and A. C. Mota and M. Sigrist and
		  T. M. Rice},
    Title = {Magnetic Imaging of the Paramagnetic {M}eissner effect in 
              the granual high-${T}_c$ superconductor 
             $\mathrm{Bi}_2\mathrm{Sr}_2\mathrm{CaCu}_2\mathrm{O}_x$},
    Journal = {J.  Phys.: Cond. Mat.},
    Volume = 10,
    Pages = {L97},
    Year = 1998}

@Article{kirtley_prb_56_886_1997,
    Author = {J. R. Kirtley and K. A. Moler and D. J. Scalapino},
    Title = {Spontaneous flux and magnetic-interference patterns in
		  $0-\pi$ {J}osephson junctions},
    Journal = prb,
    Volume = "56",
    Pages = "886",
    Year = "1997"}

@Article{koshelev_prb_53_13559_1995,
    Author = {A. E. Koshelev and A. I. Larkin},
    Title = {Paramagnetic moment in field-cooled superconducting
		  plates: Paramagnetic Meissner effect},
    Journal = prb,
    Volume = 52,
    Pages = {13559 - 13562},
    Year = 1995,
    Comment = {flux compression model. diamagnetism at the edges of
		  the sample and some kind of bean critical state in
		  the interior of the sample}}

@Article{kostic_prb_53_791_1996,
    Author = {P. Kost{\'{\i}}c and A. P. Paulikas and U. Welp and V. R. Todt
		  and C. Gu and U. Geiser and J. M. Williams and
		  K. D. Carlson and R. A. Klemm},
    Title ={Paramagnetic {M}eissner Effect in {Nb}},
    Journal = prb,
    Volume = 53,
    Pages = 791,
    Year = 1996}

@Article{kostic_prb_55_14649_1997,
    Author = {P. Kost{\'{\i}}c and B. Veal and A. P. Paulikas and U. Welp
		  and V. R. Todt and C. Gu and U. Geiser and
		  J. M. Williams and K. D. Carlson and R. A. Klemm},
    Title = {Reply to ``Comment on 'Paramagnetic {M}eissner effect in
		  {N}b' `` },
    Journal = prb,
    Volume = 55,
    Pages = 14649,
    Year = 1997}

@article{krishna_physc_243_294_1998,
    author    = {N. Murali Krishna and Lydia S. Lingham and P. K. Ghosh and
                 Keshav N. Shrivastava},
    title     = {Effect of current-loop size on the para-{M}eissner effect 
                 in superconductors},
    journal   = physc,
    volume    = 294,
    pages     = {243--248},
    year      = 1998}

@Book{landau_lifshitz_em,
  author = 	 {L. D. Landau and E. M. Lifshitz},
  Alteditor = 	 {},
  title = 	 {Electroydynamics of {C}ontinuous {M}edia},
  publisher = 	 {Pergamon},
  year = 	 {1960},
  OPTkey = 	 {},
  OPTvolume = 	 {},
  OPTnumber = 	 {},
  OPTseries = 	 {},
  address = 	 {New York},
  OPTedition = 	 {},
  OPTmonth = 	 {},
  note = 	 {Translated by J. B. Sykes and J. S. Bell.},
  OPTannote = 	 {}
}

@article{lucheroni_prb_55_6559_1997,
    author = {Carlo Lucheroni},
    title = {Self-inductive effects in {J}osephson-junction array models},
    journal = prb,
    volume = 55,
    pages = {6559--6564},
    year = 1997,
    comment = {}}

@article{lucht_prb_52_9724_1995,
    author   = {R. Lucht and H. v. L{\"{o}}hneysen and H. Claus and 
                M. Kl{\"{a}}ser and G. M{\"{u}}ller-Vogt},
    title    = {Surface-sensitive paramagnetic {M}eissner effect in
                $\mathrm{YBa}_2\mathrm{Cu}_3\mathrm{O}_{x}$ single
                cyrstals},
    journal  = prb,
    volume   = 52,
    pages    = {9724--9726},
    year     = 1995,
    comment  = {follow up to riedling_prb_49_13283_1994, demonstrate
                that PME in single crystals may be due to properties
                only of the surface}}

@phdthesis{mathai_phdthesis,
    author = {Anna Mathai},
    title   = {{S}uperconducting {Q}uantum {I}nterference {D}evice 
             {M}icroscopy and
               {O}rder {P}arameter {S}ymmetry in 
                $\mathrm{YBa}_2
                 \mathrm{Cu}_3\mathrm{O}_{7-\delta}$},
    school = {University of Maryland},
    year = {1995},
    comment = {SQUID microscope techniques, understanding the data}}    

@article{mathai_apl_61_598_1992,
    author = {A. Mathai and D. Song and Y. Gim and F. C. Wellstood},
    title = {One dimensional magnetic flux microscope based on the
             {DC} superconducting quantum interference device},
    journal = apl,
    volume = 61,
    pages = 598,
    year = 1992,
    comment = {paper describing one d SSM}}

@article{mathai_itas_3_2609_1993,
    author = {A. Mathai and D. Song and Y. Gim and F. C. Wellstood},
    title = {},
    journal = {IEEE Transactions of Applied Superconductivity},
    volume = 3,
    pages = 2609,
    year = 1993,
    comment = {paper describing 2d microscope}}

@article{mathai_prl_74_4523_1995,
    author    = {A. Mathai and Y. Gim and R. C. Black and A. Amar and
                 F. C. Wellstood},
    title     = {Experimental proof of a time-reversal invariant order
                 parameter with a $\pi$ shift in $\mathrm{YBa}_2
                 \mathrm{Cu}_3\mathrm{O}_{7-\delta}$ },
    journal   = prl,
    volume    = 74,
    pages     = {4523--4526},
    year      = 1995,
    comment   = {use ybco squids to show pi junction}}

@Article{meissner_dn_21_787_1933,
    Author = {Walther Meissner and R. Oschenfeld},
    Title = {},
    Journal = {Die Naturwissenschaften},
    Volume = 21,
    Pages = {787},
    Year = 1933,
    CallNum = {Q3.N7},
    Comment = {The original paper describing the Meissner Effect,  
               In German}}

@Article{meissner_zp_130_521_1951,
    Author = {W. Meissner and F. Schmeisser and H. Meissner},
    Title = {Messungen im {\"{U}}bergangsgebiet zur Supraleitung I},
    Journal = {Z. Phys.},
    Volume = 130,
    Pages = 521,
    year = 1951,
    comment = {In German. According to Heinzel et al, they find a 
               paramagnetic response "of current carrying type-I 
               superconductors in an external magnetic DC field
               parallel to the current, if the current was high
               enough to lead to the intermediate magnetic state."}}

@Article{meissner_zp_130_529_1951,
    Author = {Walther Meissner and F. Schmeissner and H. Miessner},
    Title = {Messungen im {\"{U}}bergangsgebiet zur Supraleitung II},
    Journal = {Z. Phys.},
    Volume = 130,
    Pages = 529,
    Year = 1951,
    CallNum = {QC1.Z4},
    Comment = {In German, part 2 of above reference}}

@Article{moshchalkov_prb_55_11793_1999,
    Author = { V. V. Moschalkov and X. G. Qiu and V. Bruyndoncx },
    title = {Paramagnetic Meissner effect from the self-consistent solution
             of the Ginzburg-Landau equations},
    Journal = prb,
    Volume = 55,
    Pages = {11793-11801},
    year = 1999,
    comment = {derive the giant vortex state of paramagnetism by
               solving the Gingburg-Landau equations self-consistently}}


@article{nakagawa_physb_284_783_2000,
    author   = {Masahito Nakagawa and Yasukage Oda},
    title    = {Maximum magnetic moment in field-cooled superconducting
                disk: application to paramagnetic Meissner effect},
    journal  = physb,
    volume   = {284--288},
    pages    = {783-784},
    year     = 2000,
    comment  = {strange paper, seems to state the obvious: when 
                magnetization > 0 => PME}}

@article{newrock_ssp_54_263_2000,
    author = {R. S. Newrock and C. J. Lobb and U. Geigenm{\"{u}}ller and
              M. Octavio},
    title  = {The Two-Dimensional Physics of {Josephson}-junction arrays},
    journal = {Sol. State Phys.},
    volume = 54,
    pages = {263--512},
    year  = 2000}

@misc{newrock_addr,
    note = {Professor Richard Newrock, Department of Physics,  
            University of Cincinnati, Cincinnati, OH 45221,
            \texttt{richard.newrock@uc.edu}}}

@inproceedings{nielsen_rdv_75_1999,
    author   = {A. P. Nielsen and J. Holzer and A. B. Cawthorne and
                C. J. Lobb and R. S. Newrock and J. Markus},
    title    = {Josephson-junction arrays and
                    the Paramagnetic Meissner Effect.},
    booktitle = {Rencontres du {V}ietnam: {S}uperconductivity, 
                 {M}agneto-{R}esistive {M}aterials and {S}trongly {C}orrelated
                 {Q}uantum {S}ystems.},
    year     = 1999,
    editor   = {Nguyen Van Hieu and Tran Thanh Van and Gang Xiao},
    pages    = {75}}
    
@article{nielsen_physb_280_444_2000,
    author   = {A. P. Nielsen and J. Holzer and A. B. Cawthorne and C. J. Lobb
                and R. S. Newrock and J. Markus.},
    title    = {The paramagnetic {M}eissner effect in {Nb/AlOx/Nb} 
                {J}osephson junction arrays},
    journal  = physb,
    volume   = 280,
    pages    = {444-445},
    year     = 2000}

@article{nielsen_prb_62_14380_2000,
    author   = {A. P. Nielsen and A. B. Cawthorne and P. Barbara and
                F. C. Wellstood and C. J. Lobb and R. S. Newrock and
                M. G. Forrester},
    title    = {Paramagnetic {Meisser} effect in multiply-connected 
                superconductors},
    journal  = prb,
    volume   = 62,
    pages    = {14380--14383},
    year     = 2000}

@article{nielsen_magpen,
    author   = {A. P. Nielsen and C. J. Lobb and P. Barbara and 
                H. R. Kerchner},
    title    = {Magnetic penetration into YBCO films}, 
    journal  = {},
    volume   = {},
    pages    = {},
    year     = {},
    note     = {Submitted to }}

@article{okram_jpcm_9_L525_1997,
    author = {Gunadhar S. Okram and D. T. Adroja and B. D. Padalia and
              Om Prakash and P. A. J. de Groot},
    title  = {The paramagnetic {M}eissner effect in 
               $\mathrm{Nd}_{2-x}\mathrm{Ce}_x\mathrm{Cu}\mathrm{O}_y$
              superconductors at $40\,\mathrm{G}$  and flux trapping},
    journal = {J. Phys.: Cond. Mat.},
    volume = 9,
    pages = {L525--L531},
    year = 1997,
    comment = {}}

@article{onbasli_pssb_194_371_1996,
    author = {{\"{U}}. Onba{\c{s}}li and Y. T. Wang and A. Naziripour and R. Tello
              and W. Kiehl and A. M. Hermann },
    title = {Transport Properties of high ${T}_c$ Mercury Cuprates},
    journal = {Phys. Stat. Sol. B},
    volume = 194,
    pages = {371--382},
    year = 1996,
    comment = {met this woman at NATO-ASI in France. her data showed PME
               and she showed me her paper, but she hadnt looked very
               closely at the PME.}}

@article{onbasli_physc_332_333_2000,
    author   = {{\"{U}}. Onba{\c{s}}li},
    title    = {Effect of oxygen post-annealing at the critical parameters
                of mercury cuprates},
    journal  = physc,
    volume   = 332,
    pages    ={333-337},
    year     =2000}

@book{ott,
    author   = {Edward Ott},
    title    = {Chaos in Dynamical Systems},
    publisher ={Cambridge UP},
    year     = {1993},
    address  = {New York}}

@article{palacios_prl_84_1796_2000,
    author    = {J. J. Palacios},
    title     = {Metastability and Paramagnetism in superconducting mesoscopic
                 disks},
    journal   = prl,
    volume    = 84,
    year      = 2000,
    pages     = {1796--1799},
    comment   = {}}

@article{palacios_prb_58_r5948_1998,
    author    = {J. J. Palacios},
    title     = {Vortex matter in superconducting mesoscopic disks:
                 structure, magnetization and phase transitions},
    journal   = prb,
    volume    = 58,
    pages     = {R5948--R5951},
    year      = 1998,
    comment   = {}}

@Book{panofsky_phillips,
  author = 	 {Wolfgang K. H. Panofsky and Melba Phillips},
  ALTeditor = 	 {},
  title = 	 {Classical Electricty and Magnetism},
  publisher = 	 {Addison-Wesley},
  year = 	 {1955},
  OPTkey = 	 {},
  OPTvolume = 	 {},
  OPTnumber = 	 {},
  OPTseries = 	 {},
  address = 	 {Reading, MA},
  edition = 	 {second},
  OPTmonth = 	 {},
  OPTnote = 	 {},
  OPTannote = 	 {}
}

@Article{phillips_prb_47_5219_1993,
    Author = {J. R. Phillips and H. S. J. van der Zant and J. White
		  and T. P. Orlando},
    title = {Influence of induced magnetic fields on the static
		  properties of {J}osephson-junction arrays},
    journal = prb,
    volume = 47,
    year = 1993,
    pages = {5219- 5229}}

@InProceedings{pearl_lt9_566_1965,
  author = 	 {J. Pearl},
  booktitle = 	 {Low Temperature Physcs, LT9},
  title = 	 {Distinctive Properties of quantized vortices in 
                  superconducting films},
  OPTcrossref =  {},
  OPTkey = 	 {},
  pages = 	 {566--570},
  year = 	 {1965},
  editor = 	 {J. G. Daunt and D. O. Edwards and F. J. Milford and
                  M. Yaqub},
  volume = 	 {A},
  OPTnumber = 	 {},
  OPTseries = 	 {},
  address = 	 {New York},
  OPTmonth = 	 {},
  OPTorganization = {},
  publisher =    {Plenum},
  OPTnote = 	 {},
  OPTannote = 	 {}
}

@Article{pearl_apl_5_65_1964,
  author = 	 {J. Pearl},
  title = 	 {Current distribution in superconducting films carrying
                  quantized fluxons},
  journal = 	 apl,
  year = 	 {1964},
  OPTkey = 	 {},
  volume = 	 {5},
  number = 	 {4},
  pages = 	 {65--66},
  month = 	 {August},
  OPTnote = 	 {},
  OPTannote = 	 {}
}

@article{prusseit_physc_317_396_1999,
    author    = {W. Prusseit and H. Walter and R. Semerad and H. Kinder and
                 W. Assmann and H. Huber and B. Kabius and H. Burkhardt and
                 D. Rainer and J. A. Sauls},
    title     = {Observation of paramagnetic {M}eissner currents -- evidence
                 for {A}ndreev bound surface states},
    journal   = physc,
    volume    = {317--318},
    pages     = {396-402},
    year      = 1999}

@Book{ramo_whinnery_vanduzer,
  author = 	 {Simon Ramo and John R. Whinnery and Theodore van Duzer},
  editor = 	 {},
  title = 	 {Fields and Waves in Communications Electronics},
  publisher = 	 {Wiley},
  year = 	 {1984},
  OPTkey = 	 {},
  OPTvolume = 	 {},
  OPTnumber = 	 {},
  OPTseries = 	 {},
  address = 	 {New York},
  edition = 	 {second},
  OPTmonth = 	 {},
  OPTnote = 	 {},
  OPTannote = 	 {}
}

@Article{rice_prb_55_11467_1997,
    Author = {T. M. Rice and M. Sigrist},
    Title = {Comment on ``{P}aramagnetic {M}eissner effect in {N}b''},
    Journal = prb,
    Volume = "55",
    Pages = "14647",
    Year = "1997"}

@Article{riedling_prb_49_13283_1994,
    Author = {S. Riedling and G. Br{\"{a}}uchle and R. Lucht and 
                 K. R{\"{o}}hberg
		  and H. v. L{\"{o}}hneysen and H. Claus and A. Erb and
                  G. M{\"{u}}ller-Vogt},
    Title = {Observation of the {W}ohlleben effect in 
             $\mathrm{Y}\mathrm{Ba}_2\mathrm{Cu}_3\mathrm{O}_{7-\delta}$ single
		  crystals},
    Journal = prb,
    Volume = 49,
    Pages = {13283-13286},
    Year = 1994}

@Article{schliepe_prb_47_8331_1993,
    Author = {B. Schliepe and M. Stindtmann and I. Nikolic and
		  K. Baberschke},
    Title = {Positive field-cooled susceptibility in high-${T}_c$
		  superconductors},
    Journal = prb,
    Volume = 47,
    Pages = {8331-8334},
    Year = 1993,
    Comment = {PME in BSCCO}}

@Article{sigrist_jpsj_61_4283_1992,
    Author = {M. Sigrist and T. M. Rice},
    title = {Paramagnetic Effect in high ${T}_c$ Superconductors -
             a Hint for $d$-wave Superconductivity},
    Journal = {J. Phys. Soc. Jpn.},
    Volume = 61,
    pages = 4283,
    year = 1992,
    comment = {pi junction theory}}

@article{sigrist_rmp_503_67_1995,
    author    = {Manfred Sigrist and T. M. Rice},
    title     = {Unusual paramagnetic phenomena in granular high-temperature
                 superconductors -- {A} consequence of $d-\mathrm{wave}$
                 pairing?},
    journal   = rmp,
    pages     = {503--513},
    volume    = 67,
    year      = 1995}

@Article{silver_pr_157_317_1967,
    author    = {A. H. Silver and J. E. Zimmerman},
    title     = {Quantum States and Transitions in Weakly Connected
                 Superconducting Rings},
    journal   = {Phys. Rev.},
    volume    = 157,
    pages     = {317--341},
    year      = 1967}

@Article{terentiev_prb_60_r761_1999,
    Author = {A. Terentiev and D. B. Watkins and L. E. De Long},
    title = {Paramagnetic relaxation and {W}ohlleben effect in field-cooled
             {Nb} thin films},
    Journal = prb,
    volume = 60,
    pages = {R761--R764},
    year = 1999,
    comment={PME in thin film Nb disks}}

@Article{thompson_prl_75_529_1995,
    Author = {D. J. Thompson and M. S. M. Minhaj and L. E. Wenger and
              J. T. Chen},
    Title = {Observation of Paramagnetic {M}eissner Effect in Niobium Disks}, 
    Journal = prl,
    Volume = 75,
    Pages = 529,
    Year = 1995}

@Article{thompson_prb_54_16096_1996,
    Author = {David J. Thompson and L. E. Wenger and J. T. Chen},
    Title = {Inducing the paramagnetic {M}eissner effect in {Nb} disks
             by surface ion implantation},
    Journal = prb,
    volume = 54,
    pages ={16096--16100},
    year = 1996,
    comment = {Added surface defects to Nb disk samples. Before defects
               were added the samples were diamagnetic. After ion
               implantation the samples were paramagnetic}}


@book{tinkham,
    author   = {Michael Tinkham},
    title    = {Introduction to Superconductivity}, 
    publisher= {McGraw Hill},
    year     = {1996},
    address  = {New York}}
    
@article{tsoy_physb_284_811_2000,
    author   = {Georgiy M. Tsoy and Zdenek Janu and Miloslav Novak},
    title    = {Paramagnetic {M}eissner effect in YBCO: influcence of
                {AC} magnetic field and magnetic relaxation},
    journal  = physb,
    volume   = {284--288},
    pages    = {811-812},
    year     = 2000}

@article{wenger_physb_284_797_2000,
    author   = {L. E. Wenger and L. Pust and M. R. Koblischka},
    title    = {Investigation of the paramagnetic {M}eissner effect on
                {Nb} disks},
    journal  = physb,
    volume   = {284--288},
    pages    = {797-798},
    year     = 2000,
    comment  = {PME is reversible and not associated with flux motion}}

@misc{westinghouse,
    note     = {Currently the Northrop-Grumman Corp, Baltimore, MD}}
